<record><leader>00000cas a22000007a 4500</leader><controlfield tag="001">28246668</controlfield><controlfield tag="008">930610c19919999nyuwr ne      0   z0mal d</controlfield><datafield ind1=" " ind2=" " tag="010"><subfield code="a">sn 93062933 </subfield></datafield><datafield ind1=" " ind2=" " tag="040"><subfield code="a">YOX</subfield><subfield code="b">eng</subfield><subfield code="c">YOX</subfield><subfield code="d">NSD</subfield><subfield code="d">OCLCQ</subfield><subfield code="d">OCLCF</subfield><subfield code="d">OCLCO</subfield></datafield><datafield ind1=" " ind2=" " tag="012"><subfield code="m">1</subfield></datafield><datafield ind1="1" ind2=" " tag="022"><subfield code="a">1079-9249</subfield><subfield code="l">1079-9249</subfield><subfield code="2">1</subfield></datafield><datafield ind1="1" ind2=" " tag="029"><subfield code="a">AU@</subfield><subfield code="b">000025875660</subfield></datafield><datafield ind1=" " ind2=" " tag="032"><subfield code="a">006438</subfield><subfield code="b">USPS</subfield></datafield><datafield ind1="0" ind2=" " tag="041"><subfield code="a">maleng</subfield></datafield><datafield ind1=" " ind2=" " tag="042"><subfield code="a">msc</subfield><subfield code="a">nsdp</subfield></datafield><datafield ind1=" " ind2=" " tag="043"><subfield code="a">n-us---</subfield></datafield><datafield ind1=" " ind2="0" tag="222"><subfield code="a">Malaya&#772;l&#803;am&#803; patr&#818;am&#803;</subfield><subfield code="b">(Bronx, N.Y.)</subfield></datafield><datafield ind1="0" ind2="0" tag="245"><subfield code="a">Malaya&#772;l&#803;am&#803; patr&#818;am&#803; =</subfield><subfield code="b">Malayalam pathram.</subfield></datafield><datafield ind1="3" ind2="1" tag="246"><subfield code="a">Malayalam pathram</subfield></datafield><datafield ind1=" " ind2=" " tag="260"><subfield code="a">Bronx, N.Y. :</subfield><subfield code="b">Chacko Publications</subfield></datafield><datafield ind1=" " ind2=" " tag="300"><subfield code="a">v.</subfield></datafield><datafield ind1=" " ind2=" " tag="310"><subfield code="a">Weekly</subfield></datafield><datafield ind1="1" ind2=" " tag="362"><subfield code="a">Began Jan. 2, 1991.</subfield></datafield><datafield ind1=" " ind2=" " tag="546"><subfield code="a">In Malayalam and English.</subfield></datafield><datafield ind1=" " ind2=" " tag="588"><subfield code="a">Description based on: Vol. 2, no. 30 (July 22, 1992); title from caption.</subfield></datafield><datafield ind1=" " ind2=" " tag="588"><subfield code="a">Latest issue consulted: Vol. 4, no. 42 (12th Oct. 1994).</subfield></datafield><datafield ind1=" " ind2="0" tag="650"><subfield code="a">Malayalis (Indic people)</subfield><subfield code="z">United States</subfield><subfield code="v">Newspapers.</subfield></datafield><datafield ind1=" " ind2="0" tag="650"><subfield code="a">East Indians</subfield><subfield code="z">United States</subfield><subfield code="v">Newspapers.</subfield></datafield><datafield ind1=" " ind2="7" tag="655"><subfield code="a">Newspapers.</subfield><subfield code="2">fast</subfield><subfield code="0">(OCoLC)fst01423814</subfield></datafield><datafield ind1=" " ind2="7" tag="650"><subfield code="a">East Indians.</subfield><subfield code="2">fast</subfield><subfield code="0">(OCoLC)fst00901060</subfield></datafield><datafield ind1=" " ind2="7" tag="650"><subfield code="a">Malayalis (Indic people)</subfield><subfield code="2">fast</subfield><subfield code="0">(OCoLC)fst01006535</subfield></datafield><datafield ind1=" " ind2="7" tag="651"><subfield code="a">United States.</subfield><subfield code="2">fast</subfield><subfield code="0">(OCoLC)fst01204155</subfield></datafield><datafield ind1=" " ind2=" " tag="752"><subfield code="a">United States</subfield><subfield code="b">New York</subfield><subfield code="c">New York</subfield><subfield code="d">New York.</subfield></datafield></record>